<record><leader>00000cas a22000007a 4500</leader><controlfield tag="001">15202283</controlfield><controlfield tag="008">870217d19711971msuwr ne      0    0eng d</controlfield><datafield ind1=" " ind2=" " tag="010"><subfield code="a">sn 87065157 </subfield></datafield><datafield ind1=" " ind2=" " tag="040"><subfield code="a">MJA</subfield><subfield code="b">eng</subfield><subfield code="c">MJA</subfield><subfield code="d">MSJ</subfield><subfield code="d">DLC</subfield><subfield code="d">OCLCG</subfield><subfield code="d">OCLCA</subfield></datafield><datafield ind1=" " ind2=" " tag="042"><subfield code="a">msc</subfield></datafield><datafield ind1="0" ind2="4" tag="245"><subfield code="a">The Owl and Dixie guide.</subfield></datafield><datafield ind1=" " ind2=" " tag="260"><subfield code="a">Gulfport, Miss. :</subfield><subfield code="b">Southern News Service, Inc.,</subfield><subfield code="c">1971.</subfield></datafield><datafield ind1=" " ind2=" " tag="310"><subfield code="a">Weekly</subfield></datafield><datafield ind1="0" ind2=" " tag="362"><subfield code="a">Vol. 47, no. 40 (Oct. 5, 1971)-v. 47, no. 52 (Dec. 28, 1971).</subfield></datafield><datafield ind1=" " ind2=" " tag="500"><subfield code="a">Editor:  Clayton Rand.</subfield></datafield><datafield ind1="1" ind2=" " tag="700"><subfield code="a">Rand, Clayton,</subfield><subfield code="d">1891-1971.</subfield></datafield><datafield ind1=" " ind2=" " tag="752"><subfield code="a">United States</subfield><subfield code="b">Mississippi</subfield><subfield code="c">Harrison</subfield><subfield code="d">Pass Christian.</subfield></datafield><datafield ind1=" " ind2=" " tag="752"><subfield code="a">United States</subfield><subfield code="b">Mississippi</subfield><subfield code="c">Harrison</subfield><subfield code="d">Long Beach.</subfield></datafield><datafield ind1=" " ind2=" " tag="752"><subfield code="a">United States</subfield><subfield code="b">Mississippi</subfield><subfield code="c">Harrison</subfield><subfield code="d">Gulfport.</subfield></datafield><datafield ind1=" " ind2=" " tag="752"><subfield code="a">United States</subfield><subfield code="b">Mississippi</subfield><subfield code="c">Hancock</subfield><subfield code="d">Bay Saint Louis.</subfield></datafield><datafield ind1=" " ind2=" " tag="752"><subfield code="a">United States</subfield><subfield code="b">Mississippi</subfield><subfield code="c">Hancock</subfield><subfield code="d">Waveland.</subfield></datafield><datafield ind1="0" ind2="4" tag="780"><subfield code="t">Owl</subfield></datafield><datafield ind1="0" ind2="4" tag="780"><subfield code="t">Dixie guide</subfield><subfield code="w">(OCoLC)15202283</subfield></datafield></record>